@book{PHAK,
    Author = {U.S. Department of Transportation, Federal Aviation Administration, Flight Standards Service},
    Title = {Pilot's Handbook of Aeronautical Knowledge},
    Year = {2016},
    Edition = {FAA-H-8083-25B},
    URL = {https://www.faa.gov/regulations_policies/handbooks_manuals/aviation/phak/}
}

